<?xml version = "1.0" encoding = "UTF-8"?>
<x_server_response metalib_version="4.3.1 (602)">
<present_response>
<record xmlns="http://www.loc.gov/MARC21/slim"
xmlns:xsi="http://www.w3.org/2001/XMLSchema-instance"
xsi:schemaLocation="http://www.loc.gov/MARC21/slim
http://www.loc.gov/standards/marcxml/schema/MARC21slim.xsd">
<controlfield tag="001">A207371648</controlfield>
<controlfield tag="LDR">^^^^^nab^^22002657^^4500</controlfield>
<controlfield tag="007">t^^^^^^^^^^^^^^^^^^^^^</controlfield>
<controlfield tag="008">^^^^^^e20090901^^^^^^^^^^^^^^^^^^^^^^^^^</controlfield>
<datafield tag="040" ind1=" " ind2=" ">
<subfield code="a">MiFhGG</subfield>
<subfield code="c">MiFhGG</subfield>
</datafield>
<datafield tag="100" ind1="1" ind2=" ">
<subfield code="a">Hyesoon Kim</subfield>
</datafield>
<datafield tag="245" ind1="0" ind2="0">
<subfield code="a">Virtual program counter (VPC) prediction: very low cost ndirect branch prediction using conditional branch prediction hardware.(Technical report)</subfield>
<subfield code="k">Technical report</subfield>
</datafield>
<datafield tag="650" ind1="0" ind2="4">
<subfield code="a">Computer programming</subfield>
<subfield code="x">Analysis</subfield>
</datafield>
<datafield tag="650" ind1="0" ind2="4">
<subfield code="a">Java (Computer program language)</subfield>
<subfield code="x">Usage</subfield>
</datafield>
<datafield tag="650" ind1="0" ind2="4">
<subfield code="a">Virtual computer systems</subfield>
<subfield code="x">Design and construction</subfield>
</datafield>
<datafield tag="690" ind1=" " ind2=" ">
<subfield code="a">Computer programming</subfield>
</datafield>
<datafield tag="690" ind1=" " ind2=" ">
<subfield code="a">Java</subfield>
</datafield>
<datafield tag="700" ind1="1" ind2=" ">
<subfield code="a">Hyesoon Kim</subfield>
</datafield>
<datafield tag="700" ind1="1" ind2=" ">
<subfield code="a">Hyesoon Kim</subfield>
</datafield>
<datafield tag="700" ind1="1" ind2=" ">
<subfield code="a">Hyesoon Kim</subfield>
</datafield>
<datafield tag="700" ind1="1" ind2=" ">
<subfield code="a">Hyesoon Kim</subfield>
</datafield>
<datafield tag="700" ind1="1" ind2=" ">
<subfield code="a">Hyesoon Kim</subfield>
</datafield>
<datafield tag="773" ind1="1" ind2=" ">
<subfield code="t">IEEE Transactions on Computers</subfield>
<subfield code="b">0018-9340</subfield>
<subfield code="d">Sept 2009, v58 i9, p1153(18)</subfield>
</datafield>
<datafield tag="856" ind1="4" ind2=" ">
<subfield code="u">http://infotrac.galegroup.com/itw/infomark/1/1/1/purl=rc1_EAIM_0_A207371648&amp;dyn=5!xrn_1_0_A207371648?Z3950=1&amp;sw_aep=csunorthridgez</subfield>
<subfield code="y">Electronic resource (HTML)</subfield>
<subfield code="q">HTML</subfield>
</datafield>
<datafield tag="996" ind1=" " ind2=" ">
<subfield code="a">20090901</subfield>
</datafield>
<datafield tag="997" ind1=" " ind2=" ">
<subfield code="a">20090908</subfield>
</datafield>
<datafield tag="SID" ind1=" " ind2=" ">
<subfield code="a">Z39</subfield>
<subfield code="b">L_GALE_EAIM</subfield>
<subfield code="d">CAL01042</subfield>
<subfield code="i">557863</subfield>
<subfield code="j">000006</subfield>
<subfield code="s">038325</subfield>
<subfield code="t">Expanded Academic ASAP</subfield>
</datafield>
<controlfield tag="RAN">053</controlfield>
<datafield tag="YR " ind1=" " ind2=" ">
<subfield code="a">2009</subfield>
</datafield>
<controlfield tag="SET">038325</controlfield>
<controlfield tag="SYS">011355280</controlfield>
<openURL>
<ctx:context-objects xmlns:ctx="info:ofi/fmt:xml:xsd:ctx" xmlns:xsi="http://www.w3.org/2001/XMLSchema-instance" xsi:schemaLocation="info:ofi/fmt:xml:xsd:ctx http://www.openurl.info/registry/docs/info:ofi/fmt:xml:xsd:ctx">
<ctx:context-object timestamp="2004-01-16T12:13:00Z" version="Z39.88-2004" identifier="123">
<ctx:referent>
<ctx:metadata-by-val>
<ctx:format>info:ofi/fmt:xml:xsd</ctx:format>
<ctx:metadata>
<rft:journal xmlns:rft="info:ofi/fmt:xml:xsd:journal" xsi:schemaLocation="info:ofi/fmt:xml:xsd:journal http://www.openurl.info/registry/docs/info:ofi/fmt:xml:xsd:journal">
<rft:author rank="1">
<rft:aulast>Hyesoon</rft:aulast>
<rft:aufirst>Kim</rft:aufirst>
<rft:auinit></rft:auinit>
</rft:author>
<rft:atitle>Virtual program counter (VPC) prediction: very low cost ndirect branch prediction using conditional branch prediction hardware.(Technical report)</rft:atitle>
<rft:jtitle>IEEE Transactions on Computers</rft:jtitle>
<rft:date>2009</rft:date>
<rft:volume>58</rft:volume>
<rft:issue>9</rft:issue>
<rft:spage>1153</rft:spage>
<rft:epage></rft:epage>
<rft:genre></rft:genre>
<rft:issn>0018-9340</rft:issn>
<ctx:identifier>info:doi/</ctx:identifier>
<rft:sici></rft:sici>
<rft:opid></rft:opid>
</rft:journal>
</ctx:metadata>
</ctx:metadata-by-val>
<ctx:metadata-by-ref>
<ctx:format></ctx:format>
<ctx:location>http://metalib.calstate.edu:8331/X?OP=sfx-get-doc&amp;doc-number=011355280</ctx:location>
</ctx:metadata-by-ref>
</ctx:referent>
<ctx:referrer>
<ctx:identifier>info:sid/metalib.com:L_GALE_EAIM</ctx:identifier>
</ctx:referrer>
</ctx:context-object>
</ctx:context-objects>
</openURL>
</record>
<session_id new_session="N">UA496RK2REXTQ96AEH7B3GNSBGB8Q71IUT81BMBDN3IBIGQDKJ</session_id>
</present_response>
</x_server_response>
 